@IEEEtranBSTCTL{IEEE:BSTcontrol,
CTLuse_forced_etal = "yes"
}

@Article{cloverquiz,
  title={{C}lover {Q}uiz: {A} trivia game powered by {DBpedia}},
  author={Vega-Gorgojo, Guillermo},
  journal={Semantic Web},
  volume={10},
  number={4},
  pages={779--793},
  year={2019},
  publisher={IOS Press}
}

@article{cytoscape,
  title={Cytoscape.js: {A} graph theory library for visualisation and analysis},
  author={Franz, Max and Lopes, Christian T and Huck, Gerardo and Dong, Yue and Sumer, Onur and Bader, Gary D},
  journal={Bioinformatics},
  volume={32},
  number={2},
  pages={309--311},
  year={2015},
  publisher={Oxford University Press}
}

@InProceedings{limes,
  Title                    = {{LIMES}---{A} Time-Efficient Approach for Large-Scale Link Discovery on the Web of Data},
  Author                   = {Axel-Cyrille {Ngonga Ngomo} and S{\"o}ren Auer},
  booktitle={IJCAI--11, Proceedings of the 24th International Joint Conference on Artificial Intelligence},
  publisher= {AAAI Press},
  address={Palo Alto, California, USA},
  Year                     = {2011},
  Keywords                 = {group_aksw SIMBA sys:relevantFor:infai sys:relevantFor:bis ngonga limes scms},
  Owner                    = {ngonga},
  Timestamp                = {2009.12.17}
}

@InProceedings{ontowiki,
  Title                    = {Onto{W}iki: {A} Tool for Social, Semantic Collaboration},
  Author                   = {S{\"o}ren Auer and Sebastian Dietzold and Jens Lehmann and Thomas Riechert},
  Booktitle                = {Proceedings of the Workshop on Social and Collaborative Construction of Structured Knowledge ({CKC} 2007) at the 16th International World Wide Web Conference ({WWW2007}) Banff, Canada, May 8, 2007},
  Year                     = {2007},
  Editor                   = {Natalya Fridman Noy and Harith Alani and Gerd Stumme and Peter Mika and York Sure and Denny Vrandecic},
  Publisher                = {CEUR-WS.org},
  Series                   = {CEUR Workshop Proceedings},
  Volume                   = {273},

  Bdsk-url-1               = {http://ceur-ws.org/Vol-273/paper_91.pdf},
  Bibdate                  = {2008-05-30},
  Bibsource                = {DBLP, http://dblp.uni-trier.de/db/conf/www/ckc2007.html#AuerDLR07},
  Biburl                   = {http://www.bibsonomy.org/bibtex/2e646431fba0e629258b74292ab8fcffd/jens},
  Description              = {publications Jens Lehmann},
  Keywords                 = {2007 group_aksw auer tramp lehmann riechert ontowiki sys:relevantFor:infai sys:relevantFor:bis seebiproject_OntoWiki},                                                               
 NOUrl                      = {http://ceur-ws.org/Vol-273/paper_91.pdf}
}

@book{it4it,
  title={The {IT4IT} Reference Architecture, Version 2.0},
  author={The Open Group},
  address={Berkshire, UK},
  isbn={9789401805988},
  url={https://books.google.de/books?id=n9F2CwAAQBAJ},
  publisher={Van Haren Publishing},
}

@article{paper_nlp,
author = {Dornauer, Verena and Jahn, Franziska and Höffner, Konrad and Winter, Alfred and Ammenwerth, Elske},
year = {2020},
month = {06},
pages = {95-98},
title = {Use of Natural Language Processing for Precise Retrieval of Key Elements of Health IT Evaluation Studies},
volume = {272},
journal = {Studies in health technology and informatics},
doi = {10.3233/SHTI200502}
}

@inproceedings{gpt3,
 shortauthor = {Brown, Tom and Mann, Benjamin and Ryder, Nick and Subbiah, Melanie and Kaplan et al., Jared D },
 author = {Brown, Tom and Mann, Benjamin and Ryder, Nick and Subbiah, Melanie and Kaplan, Jared D and Dhariwal, Prafulla and Neelakantan, Arvind and Shyam, Pranav and Sastry, Girish and Askell, Amanda and Agarwal, Sandhini and Herbert-Voss, Ariel and Krueger, Gretchen and Henighan, Tom and Child, Rewon and Ramesh, Aditya and Ziegler, Daniel and Wu, Jeffrey and Winter, Clemens and Hesse, Chris and Chen, Mark and Sigler, Eric and Litwin, Mateusz and Gray, Scott and Chess, Benjamin and Clark, Jack and Berner, Christopher and McCandlish, Sam and Radford, Alec and Sutskever, Ilya and Amodei, Dario},
 booktitle = {Advances in Neural Information Processing Systems},
 editor = {H. Larochelle and M. Ranzato and R. Hadsell and M. F. Balcan and H. Lin},
 pages = {1877--1901},
 publisher = {Curran Associates, Inc.},
 title = {Language Models are Few-Shot Learners},
 url = {https://proceedings.neurips.cc/paper/2020/file/1457c0d6bfcb4967418bfb8ac142f64a-Paper.pdf},
 volume = {33},
 year = {2020}
}

@InProceedings{kbox,
  Title={{KBox}: {T}ransparently {S}hifting {Q}uery {E}xecution on {K}nowledge {G}raphs to the {E}dge},
  Author={Edgard Marx and Ciro Baron and Tommaso Soru and S\"oren Auer},
  Booktitle={11th IEEE International Conference on Semantic Computing, Jan 30-Feb 1, 2017, San Diego, California, USA},
  Year={2017}
}

@article{dbpedia,
  author    = {Jens Lehmann and Robert Isele and Max Jakob and Anja Jentzsch and Dimitris Kontokostas and Pablo N. Mendes and Sebastian Hellmann and Mohamed Morsey and Patrick van Kleef and S{\"{o}}ren Auer and Christian Bizer},
  title     = {{DBpedia}---{A} large-scale, multilingual knowledge base extracted from {W}ikipedia},
  journal   = {Semantic Web},
  volume    = {6},
  number    = {2},
  pages     = {167--195},
  year      = {2015},
  doi       = {10.3233/SW-140134},
}

@INPROCEEDINGS {hitometh2,
    author    = "Verena Dornauer and Maryam Ghalandari and Konrad Höffner and Franziska Jahn and Birgit Schneider and Alfred Winter and Elske Ammenwerth",
    title     = "Challenges and solutions while developing {HITO}–a {H}ealth {IT} {O}ntology",
    booktitle = "International Conference on Informatics, Management, and Technology in Healthcare",
    year      = "2019"
}

@article{textsearching,
  title={A new approach to text searching},
  author={Baeza-Yates, Ricardo and Gonnet, Gaston H},
  journal={Communications of the ACM},
  volume={35},
  number={10},
  pages={74--82},
  year={1992},
  publisher={ACM New York, NY, USA}
}
