@book{linkeddatavisualization,
  author={Laura Po and Nikos Bikakis and Federico Desimoni and George Papastefanatos},
  title={Linked Data Visualization: {T}echniques, Tools and Big Data},
  series={Synthesis Lectures on Data, Semantics and Knowledge},
  publisher={Morgan {\&} Claypool Publishers},
  year={2020},
  isbn={9781681737256},
  pages={1--157}
}

@article{isaviz,
  title={{IsaViz}: {A} Visual Environment for Browsing and Authoring {RDF}},
  author={Pietriga, Emmanuel},
  year={2002},
  publisher={International World Wide Web Conference (WWW)}
}

@article{fenfire,
  title={Browsing linked data with {F}enfire},
  author={Tuukka Hastrup and Richard Cyganiak and Uldis Bojars},
  year={2008},
  publisher={International World Wide Web Conference (WWW)}
}

@article{lodmilla1,
  title={{LODmilla}: a Linked Data Browser for All},
  author={András Micsik and Sándor Turbucz and Attila Györök},
  year={2014},
  journal={SEMANTICS},
  pages={31--34}
}

@InProceedings{lodmilla2,
  author="Micsik, Andr{\'a}s and T{\'o}th, Zolt{\'a}n and Turbucz, S{\'a}ndor",
  title="{LODmilla}: {S}hared Visualization of Linked Open Data",
  booktitle="Theory and Practice of Digital Libraries -- TPDL 2013 Selected Workshops",
  year="2014",
  publisher="Springer International Publishing",
  pages="89--100",
  isbn="978-3-319-08425-1"
}

@inproceedings{gig,
  author={Graziosi, Alice and Di Iorio, Angelo and Poggi, Francesco and Peroni, Silvio and Bonini, Luca},
  title={Customising {LOD} Views: {A} Declarative Approach},
  year={2018},
  isbn={9781450351911},
  publisher={Association for Computing Machinery},
  booktitle={Proceedings of the 33rd Annual ACM Symposium on Applied Computing},
  pages={21852192}
}

@article{log,
  title={Linked Open Graph: browsing multiple {SPARQL} entry points to build your own {LOD} views},
  author={Bellini, Pierfrancesco and Nesi, Paolo and Venturi, Alessandro},
  journal={Journal of Visual Languages \& Computing},
  volume={25},
  number={6},
  pages={703--716},
  year={2014},
  publisher={Elsevier}
}

@inproceedings{aemoo,
  author={Nuzzolese, Andrea Giovanni and Presutti, Valentina and Gangemi, Aldo and Musetti, Alberto and Ciancarini, Paolo},
  title={Aemoo: {E}xploring Knowledge on the Web},
  year={2013},
  isbn={9781450318891},
  publisher={Association for Computing Machinery},
  booktitle={Proceedings of the 5th Annual ACM Web Science Conference},
  pages={272--275}
}

@article{tarsier,
  title={Interactive 3{D} exploration of {RDF} graphs through semantic planes},
  author={Viola, Fabio and Roffia, Luca and Antoniazzi, Francesco and D’Elia, Alfredo and Aguzzi, Cristiano and Salmon Cinotti, Tullio},
  journal={Future Internet},
  volume={10},
  number={8},
  pages={81},
  year={2018},
  publisher={Multidisciplinary Digital Publishing Institute}
}

@InProceedings{relfinder,
  author="Heim, Philipp and Lohmann, Steffen and Stegemann, Timo",
  title="Interactive Relationship Discovery via the Semantic Web",
  booktitle="The Semantic Web: {R}esearch and Applications",
  year="2010",
  publisher="Springer Berlin Heidelberg",
  pages="303--317",
  isbn="978-3-642-13486-9"
}

@InProceedings{explass,
  author="Cheng, Gong and Zhang, Yanan and Qu, Yuzhong",
  title="Explass: {E}xploring Associations between Entities via Top-K Ontological Patterns and Facets",
  booktitle="The Semantic Web -- ISWC 2014",
  year="2014",
  publisher="Springer International Publishing",
  pages="422--437",
  isbn="978-3-319-11915-1"
}

@InProceedings{relclus,
  author="Zhang, Yanan and Cheng, Gong and Qu, Yuzhong",
  title="Towards Exploratory Relationship Search: {A} Clustering-Based Approach",
  booktitle="Semantic Technology",
  year="2014",
  publisher="Springer International Publishing",
  pages="277--293",
  isbn="978-3-319-06826-8"
}

@article{wisp,
  title={{WiSP}: {W}eighted shortest paths for {RDF} graphs},
  author={Tartari, Gonzalo and Hogan, Aidan},
  year={2018},
  publisher="International Workshop on Visualization and Interaction for Ontologies and Linked Data (VOILA)",
  pages="2187:37-52"
}

@inproceedings{lodvader,
  author={Baron Neto, Ciro and M\"{u}ller, Kay and Br\"{u}mmer, Martin and Kontokostas, Dimitris and Hellmann, Sebastian},
  title={{LODVader}: {A}n Interface to {LOD} Visualization, Analytics and {DiscovERy} in Real-Time},
  year={2016},
  isbn={9781450341448},
  publisher={International World Wide Web Conferences Steering Committee},
  booktitle={Proceedings of the 25th International Conference Companion on World Wide Web},
  pages={163--166}
}

@inproceedings{lodlive,
  author={Camarda, Diego Valerio and Mazzini, Silvia and Antonuccio, Alessandro},
  title={{LodLive}, Exploring the Web of Data},
  year={2012},
  isbn={9781450311120},
  publisher={Association for Computing Machinery},
  booktitle={Proceedings of the 8th International Conference on Semantic Systems},
  pages={197--200}
}

@article{rdfgraphvisualizer,
  title={Node-centric {RDF} graph visualization},
  author={Sayers, Craig},
  journal={Mobile and Media Systems Laboratory, HP Labs},
  volume={71},
  year={2004}
}

@inproceedings{resxplorer,
  title={Resxplorer: interactive search for relationships in research repositories},
  author={De Vocht, Laurens and Softic, Selver and Mannens, Erik and Van de Walle, Rik and Ebner, Martin},
  booktitle={International Semantic Web Conference: Semantic Web Challenge, Abstracts},
  pages={8},
  year={2013},
  organization={Citeseer}
}

@inproceedings{vizsuite,
  title={A visual exploration workflow as enabler for the exploitation of linked open data},
  author={De Vocht, Laurens and Dimou, Anastasia and Breuer, Jonas and Van Compernolle, Mathias and Verborgh, Ruben and Mannens, Erik and Mechant, Peter and Van de Walle, Rik},
  booktitle={IESD'14 Proceedings of the 3rd International Conference on Intelligent Exploration of Semantic Data},
  volume={1279},
  pages={30--41},
  year={2015}
}

@InProceedings{osmosys,
  author="Psyllidis, Achilleas",
  title="{OSMoSys}: {A} Web Interface for Graph-Based {RDF} Data Visualization and Ontology Browsing",
  booktitle="Engineering the Web in the Big Data Era",
  year="2015",
  publisher="Springer International Publishing",
  pages="679--682",
  isbn="978-3-319-19890-3"
}

@INPROCEEDINGS{trisolda,
  author={J. {Dokulil} and J. {Katreniakova}},
  booktitle={2009 Third International Conference on Advances in Semantic Processing},
  title={Using Clusters in RDF Visualization},
  year={2009},
  pages={62-66}
}

@InProceedings{graphvizdb1,
  author="Bikakis, Nikos and Liagouris, John and Kromida, Maria and Papastefanatos, George and Sellis, Timos",
  title="Towards Scalable Visual Exploration of Very Large RDF Graphs",
  booktitle="The Semantic Web: ESWC 2015 Satellite Events",
  year="2015",
  publisher="Springer International Publishing",
  pages="9--13",
  isbn="978-3-319-25639-9"
}

@INPROCEEDINGS{graphvizdb2,
  author={N. {Bikakis} and J. {Liagouris} and M. {Krommyda} and G. {Papastefanatos} and T. {Sellis}},
  booktitle={2016 IEEE 32nd International Conference on Data Engineering (ICDE)},
  title={graphVizdb: A scalable platform for interactive large graph visualization},
  year={2016},
  pages={1342-1345}
}

@INPROCEEDINGS{3splugin,
  author={S. {Sundara} and M. {Atre} and V. {Kolovski} and S. {Das} and Z. {Wu} and E. I. {Chong} and J. {Srinivasan}},
  booktitle={2010 IEEE 26th International Conference on Data Engineering (ICDE 2010)},
  title={Visualizing large-scale RDF data using Subsets, Summaries, and Sampling in Oracle},
  year={2010},
  pages={1048-1059}
}

@inproceedings{lodex,
  title={A visual summary for linked open data sources},
  author={Benedetti, Fabio and Bergamaschi, Sonia and Po, Laura},
  booktitle={ISWC 2014 Posters \& Demonstrations Track},
  volume={1272},
  pages={173--176},
  year={2014}
}

@inproceedings{hbold1,
  title={High-level Visualization Over Big Linked Data.},
  author={Po, Laura and Malvezzi, Davide},
  booktitle={International Semantic Web Conference (P\&D/Industry/BlueSky)},
  year={2018}
}

@article{hbold2,
  title={Community Detection Applied on Big Linked Data.},
  author={Po, Laura and Malvezzi, Davide},
  journal={J. UCS},
  volume={24},
  number={11},
  pages={1627--1650},
  year={2018}
}

@InProceedings{rdf4u,
  author="Chawuthai, Rathachai and Takeda, Hideaki",
  title="RDF Graph Visualization by Interpreting Linked Data as Knowledge",
  booktitle="Semantic Technology",
  year="2016",
  publisher="Springer International Publishing",
  pages="23--39",
  isbn="978-3-319-31676-5"
}

@inproceedings{graphless,
  title={Graphless: Using Statistical Analysis and Heuristics for Visualizing Large Datasets.},
  author={Santana-P{\'e}rez, Idafen},
  booktitle={VOILA ISWC},
  pages={1--12},
  year={2018}
}

@InProceedings{lodsight,
  author="Dud{\'a}{\v{s}}, Marek and Sv{\'a}tek, Vojt{\v{e}}ch and Mynarz, Jind{\v{r}}ich",
  title="Dataset Summary Visualization with LODSight",
  booktitle="The Semantic Web: ESWC 2015 Satellite Events",
  year="2015",
  publisher="Springer International Publishing",
  pages="36--40",
  isbn="978-3-319-25639-9"
}

@inproceedings{zoomrdf,
  author={Zhang, Kang and Wang, Haofen and Tran, Duc Thanh and Yu, Yong},
  title={{ZoomRDF}: Semantic Fisheye Zooming on RDF Data},
  year={2010},
  isbn={9781605587998},
  publisher={Association for Computing Machinery},
  booktitle={Proceedings of the 19th International Conference on World Wide Web},
  pages={1329--1332}
}

@inproceedings{pgv,
  author={Deligiannidis, Leonidas and Kochut, Krys J. and Sheth, Amit P.},
  title={RDF Data Exploration and Visualization},
  year={2007},
  isbn={9781595938312},
  publisher={Association for Computing Machinery},
  booktitle={Proceedings of the ACM First Workshop on CyberInfrastructure: Information Management in EScience},
  pages={39--46}
}

@INPROCEEDINGS{vizlod,
  author={C. {Anutariya} and R. {Dangol}},
  booktitle={2018 15th International Joint Conference on Computer Science and Software Engineering (JCSSE)},
  title={{VizLOD}: {S}chema Extraction And Visualization Of Linked Open Data},
  year={2018},
  pages={1--6}
}

@inproceedings{ldvowl1,
  title={Extraction and visualization of tbox information from sparql endpoints},
  author={Weise, Marc and Lohmann, Steffen and Haag, Florian},
  booktitle={European Knowledge Acquisition Workshop},
  pages={713--728},
  year={2016},
  organization={Springer}
}

@inproceedings{ldvowl2,
  title={Ld-vowl: Extracting and visualizing schema information for linked data},
  author={Weise, Marc and Lohmann, Steffen and Haag, Florian},
  booktitle={2nd International Workshop on Visualization and Interaction for Ontologies and Linked Data},
  pages={120--127},
  year={2016}
}

@article{rdf2graph,
  title={RDF2Graph a tool to recover, understand and validate the ontology of an RDF resource},
  author={van Dam, Jesse CJ and Koehorst, Jasper J and Schaap, Peter J and Dos Santos, Vitor Ap Martins and Suarez-Diez, Maria},
  journal={Journal of biomedical semantics},
  volume={6},
  number={1},
  pages={39},
  year={2015},
  publisher={BioMed Central}
}

@inproceedings{sparqlfilterflow1,
  title={Visual SPARQL querying based on extended filter/flow graphs},
  author={Haag, Florian and Lohmann, Steffen and Bold, Steffen and Ertl, Thomas},
  booktitle={Proceedings of the 2014 International Working Conference on Advanced Visual Interfaces},
  pages={305--312},
  year={2014}
}

@InProceedings{sparqlfilterflow2,
  author="Haag, Florian and Lohmann, Steffen and Ertl, Thomas",
  title="SparqlFilterFlow: SPARQL Query Composition for Everyone",
  booktitle="The Semantic Web: ESWC 2014 Satellite Events",
  year="2014",
  publisher="Springer International Publishing",
  pages="362--367",
  isbn="978-3-319-11955-7"
}

@InProceedings{queryvowl1,
  author="Haag, Florian and Lohmann, Steffen and Siek, Stephan and Ertl, Thomas",
  title="QueryVOWL: Visual Composition of SPARQL Queries",
  booktitle="The Semantic Web: ESWC 2015 Satellite Events",
  year="2015",
  publisher="Springer International Publishing",
  pages="62--66",
  isbn="978-3-319-25639-9"
}

@InProceedings{queryvowl2,
  author="Haag, Florian and Lohmann, Steffen and Siek, Stephan and Ertl, Thomas",
  title="QueryVOWL: A Visual Query Notation for Linked Data",
  booktitle="The Semantic Web: ESWC 2015 Satellite Events",
  year="2015",
  publisher="Springer International Publishing",
  pages="387--402",
  isbn="978-3-319-25639-9"
}

@article{vowl,
  title={Visualizing ontologies with VOWL},
  author={Lohmann, Steffen and Negru, Stefan and Haag, Florian and Ertl, Thomas},
  journal={Semantic Web},
  volume={7},
  number={4},
  pages={399--419},
  year={2016},
  publisher={IOS Press}
}

@book{testing,
  title={Praxiswissen Softwaretest-Testmanagement: Aus-und Weiterbildung zum Certified Tester-Advanced Level nach ISTQB-Standard},
  author={Spillner, Andreas and Ro{\ss}ner, Thomas and Winter, Mario and Linz, Tilo},
  year={2014},
  publisher={dpunkt. verlag}
}

@article{hito,
author={Dornauer, Verena and Jahn, Franziska and Höffner, Konrad and Winter, Alfred and Ammenwerth, Elske},
year={2020},
month={06},
pages={95-98},
title={Use of Natural Language Processing for Precise Retrieval of Key Elements of Health IT Evaluation Studies},
volume={272},
journal={Studies in health technology and informatics}
}
